<record><leader>00000cas a22000007a 4500</leader><controlfield tag="001">29376394</controlfield><controlfield tag="008">931123d19331935akuwr ne      0    0eng d</controlfield><datafield ind1=" " ind2=" " tag="010"><subfield code="a">sn 93049277 </subfield></datafield><datafield ind1=" " ind2=" " tag="040"><subfield code="a">ANE</subfield><subfield code="b">eng</subfield><subfield code="c">ANE</subfield><subfield code="d">OCLCQ</subfield><subfield code="d">OCLCF</subfield><subfield code="d">OCLCO</subfield></datafield><datafield ind1="1" ind2=" " tag="029"><subfield code="a">AU@</subfield><subfield code="b">000025881985</subfield></datafield><datafield ind1=" " ind2=" " tag="042"><subfield code="a">msc</subfield></datafield><datafield ind1=" " ind2=" " tag="043"><subfield code="a">n-us-ak</subfield></datafield><datafield ind1="0" ind2=" " tag="130"><subfield code="a">Alaska press (Juneau, Alaska : 1933)</subfield></datafield><datafield ind1="1" ind2="4" tag="245"><subfield code="a">The Alaska press.</subfield></datafield><datafield ind1=" " ind2=" " tag="260"><subfield code="a">Juneau, Alaska :</subfield><subfield code="b">Capitol Pub. Co.,</subfield><subfield code="c">1933-1935.</subfield></datafield><datafield ind1=" " ind2=" " tag="300"><subfield code="a">3 v.</subfield></datafield><datafield ind1=" " ind2=" " tag="310"><subfield code="a">Weekly</subfield></datafield><datafield ind1="0" ind2=" " tag="362"><subfield code="a">Vol. 35, no. 15 (Mar. 10, 1933)-v. 37, no. 34 (July 19, 1935).</subfield></datafield><datafield ind1=" " ind2="0" tag="651"><subfield code="a">Juneau (Alaska)</subfield><subfield code="v">Newspapers.</subfield></datafield><datafield ind1=" " ind2="7" tag="655"><subfield code="a">Newspapers.</subfield><subfield code="2">fast</subfield><subfield code="0">(OCoLC)fst01423814</subfield></datafield><datafield ind1=" " ind2="7" tag="651"><subfield code="a">Alaska</subfield><subfield code="z">Juneau.</subfield><subfield code="2">fast</subfield><subfield code="0">(OCoLC)fst01213587</subfield></datafield><datafield ind1=" " ind2=" " tag="752"><subfield code="a">United States</subfield><subfield code="b">Alaska</subfield><subfield code="d">Juneau.</subfield></datafield><datafield ind1="0" ind2="0" tag="780"><subfield code="t">Stroller's weekly</subfield><subfield code="w">(DLC)sn 93049276</subfield><subfield code="w">(OCoLC)29376315</subfield></datafield><datafield ind1="0" ind2="0" tag="785"><subfield code="t">Alaska daily press</subfield><subfield code="w">(DLC)sn 93049278</subfield><subfield code="w">(OCoLC)29376906</subfield></datafield></record>